% Encoding: windows-1252

@BOOK{Cra:89,
  title = {{I}ntroduction to {R}obotics: {M}echanics and {C}ontrol},
  publisher = {Addison-Wesley Publishing company Inc. USA},
  year = {1989},
  author = {J.J. Craig},
  edition = {2},
  __markedentry = {[Heike]},
  comment = {isbn 0-201-09528-9         },
  owner = {heike},
  timestamp = {2008.01.08}
}

@ARTICLE{ValTNSRE2008,
  author = {Heike Vallery and Edwin van Asseldonk and Martin Buss and Herman
	van der Kooij},
  title = {{R}eference {T}rajectory {G}eneration for {R}ehabilitation {R}obots:
	{C}omplementary {L}imb {M}otion {E}stimation},
  journal = {IEEE Transactions on Neural Systems and Rehabilitation Engineering},
  year = {2009},
  volume = {17},
  pages = {23-30},
  number = {1},
  __markedentry = {[Heike]},
  owner = {Heike},
  timestamp = {2008.11.28}
}

@Standard{ISOnormunits,
  title        = {ISO80000-1:2009 Quantities and units - Part 1: General},
  organization = {International Organization for Standardization (ISO)},
  number       = {1},
  month        = {November},
  year         = {2009},
  url          = {https://www.iso.org/obp/ui/#iso:std:iso:80000:-1:ed-1:v1:en},
}

@Standard{IECControltech,
  title        = {Electropedia: The World's Online Electrotechnical Vocabulary. Area: 351: Control technology, Section 351-44: Structures of control systems},
  organization = {International Electrotechnical Commission},
  url          = {http://www.electropedia.org/iev/iev.nsf/index?openform&part=351},
}

@Booklet{SIbrochure2006,
  title        = {{L}e {S}yst\`eme international d'unit\'es / {T}he {I}nternational {S}ystem of {U}nits},
  author       = {{Bureau International des Poids et Mesures}},
  howpublished = {SI Brochure, 8th edition},
  year         = {2006, updated in 2014},
  url          = {https://www.bipm.org/en/publications/si-brochure/},
}

@Book{RedBook2010,
  title     = {Symbols, units, nomenclature and fundamental constants in physics ({T}he {R}ed {B}ook)},
  publisher = {International Union of Pure and Applied Physics (IUPAP)},
  year      = {1987 revision (2010 reprint)},
  author    = {{Commission C2 - SUNAMCO}},
  url       = {https://iupap.org/wp-content/uploads/2021/03/A4.pdf},
}

@Comment{jabref-meta: databaseType:bibtex;}

{ISOnormunits,
	title        = {ISO80000-1:2009 Quantities and units - Part 1: General},
	organization = {International Organization for Standardization (ISO)},
	number       = {1},
	month        = {November},
	year         = {2009},
%	url          = {https://www.iso.org/obp/ui/#iso:std:iso:80000:-1:ed-1:v1:en},
}


@online{fb1leitfaden,
	title        = {{L}eitfaden zur {E}rstellung einer wissenschaftlichen {A}rbeit am {F}achbereich~1},
	organization = {{F}achbereich~1, {I}ngenieurwissenschaften – {E}nergie und {I}nformation,
	Hochschule für Technik und Wirtschaft Berlin,
	University of Applied Sciences, Wilhelminenhofstr. 75A, 12459 Berlin},
	date         = {},
	url          = {https://www.f1.htw-berlin.de/fileadmin/HTW/Zentral/FB/FB1/
 
 Leitfaden_zur_Erstellung_einer_Wiss.-Arbeit_neu.pdf},
   urldate = {2018-08-05}, 
}


@online{simbeck_etal,
	title        = {{I}nfoportal wissenschaftliches {S}chreiben},
	organization = {{F}achbereich x,
	{H}ochschule für {T}echnik und {W}irtschaft Berlin,	University of Applied Sciences, Wilhelminenhofstr. 75A, 12459 Berlin},
	date         = {},
	url          = {https://moodle.htw-berlin.de/course/view.php?id=17639},
   urldate = {xxx}, 
}

@online{volkerformeln,
	title        = {{F}ormelschreibweise und {F}ormelsatz
in wissenschaftlichen {A}rbeiten},
	organization = {Fachbereich 1, Ingenieurwissenschaften – Energie und Information, Hochschule für Technik und Wirtschaft Berlin,
	University of Applied Sciences, Wilhelminenhofstr. 75A, 12459 Berlin},
	author ={Prof. Dr. Volker Quaschning},
	month        = {Nov},
	year         = {2012},
  urldate = {2018-08-05}, 
url          = {http://re-bachelor.htw-berlin.de/files/Stg/RE/Merkblatt_Formelschreibweise.pdf},
}



\href{}{T.~Oetiker: }
@online{oetiker,
	title        = {The Not So Short Introduction to \LaTeXe},
	organization = {Fachbereich 1, Ingenieurwissenschaften – Energie und Information, Hochschule für Technik und Wirtschaft Berlin,
	University of Applied Sciences, Wilhelminenhofstr. 75A, 12459 Berlin},
	author ={T. Oetiker},
	month        = {Nov},
	year         = {2012},
  urldate = {2018-08-05}, 
url          = {https://tobi.oetiker.ch/lshort/lshort.pdf},
}